<collection xmlns="http://www.loc.gov/MARC21/slim">
<record>
  <leader>01199nam0a22002291i 450 </leader>
  <controlfield tag="001">IT\ICCU\CNCE\066663</controlfield>
  <controlfield tag="005">20060927000000.0</controlfield>
  <datafield tag="100" ind1=" " ind2=" ">
    <subfield code="a">20060907f15351536    0itac0103    ba</subfield>
  </datafield>
  <datafield tag="101" ind1=" " ind2=" ">
    <subfield code="a">ITA</subfield>
  </datafield>
  <datafield tag="102" ind1=" " ind2=" ">
    <subfield code="a">IT</subfield>
  </datafield>
  <datafield tag="200" ind1="1" ind2=" ">
    <subfield code="a">Libro primo \-secondo! Le notte d&apos;Aphrica di Sigismundo Pauluzio Philogenio caualiero e conte Palatino</subfield>
  </datafield>
  <datafield tag="210" ind1=" " ind2=" ">
    <subfield code="e">Impresso in Messina</subfield>
    <subfield code="g">per Petruzo Spira</subfield>
    <subfield code="h">1535-1536</subfield>
  </datafield>
  <datafield tag="215" ind1=" " ind2=" ">
    <subfield code="a">2 v.</subfield>
    <subfield code="d">4</subfield>
  </datafield>
  <datafield tag="300" ind1=" " ind2=" ">
    <subfield code="a">ANNULLATA. E&apos; CNCE 33319ANNULLATA. E&apos; CNCE 33319In entrambi i v. la prima c. contiene stemma e in basso invocazione. -  Titolo preceduto da dedica: Alla illustrissima eccellentissima signora ... Donna Leonora ruuer&apos; di Gonzaga Duchessa di Urbino</subfield>
  </datafield>
  <datafield tag="620" ind1=" " ind2=" ">
    <subfield code="a">IT</subfield>
    <subfield code="d">Messina</subfield>
  </datafield>
  <datafield tag="700" ind1=" " ind2="1">
    <subfield code="a">Paolucci,</subfield>
    <subfield code="b">Sigismondo Filogenio</subfield>
    <subfield code="3">IT\ICCU\CNCA\009451</subfield>
  </datafield>
  <datafield tag="712" ind1="0" ind2="0">
    <subfield code="a">Spira, Petruccio</subfield>
    <subfield code="3">IT\ICCU\CNCT\000485</subfield>
    <subfield code="4">650</subfield>
  </datafield>
  <datafield tag="790" ind1=" " ind2="1">
    <subfield code="a">Paolutius,</subfield>
    <subfield code="b">Sigismundus Philogenius</subfield>
    <subfield code="3">IT\ICCU\CNCA\021503</subfield>
    <subfield code="z">Paolucci, Sigismondo Filogenio</subfield>
  </datafield>
  <datafield tag="790" ind1=" " ind2="1">
    <subfield code="a">Pauluccio,</subfield>
    <subfield code="b">Sigismondo</subfield>
    <subfield code="3">IT\ICCU\CNCA\021504</subfield>
    <subfield code="z">Paolucci, Sigismondo Filogenio</subfield>
  </datafield>
  <datafield tag="790" ind1=" " ind2="1">
    <subfield code="a">Pauluzio Philogenio,</subfield>
    <subfield code="b">Sigismondo</subfield>
    <subfield code="3">IT\ICCU\CNCA\022800</subfield>
    <subfield code="z">Paolucci, Sigismondo Filogenio</subfield>
  </datafield>
  <datafield tag="801" ind1=" " ind2="3">
    <subfield code="a">IT</subfield>
    <subfield code="b">ICCU</subfield>
    <subfield code="c">20201115</subfield>
  </datafield>
  <datafield tag="899" ind1=" " ind2=" ">
    <subfield code="a">Biblioteca Palatina. Parma</subfield>
    <subfield code="1">PR0072</subfield>
    <subfield code="2">PAR PA</subfield>
  </datafield>
</record>
</collection>
